<?xml version="1.0" encoding="UTF-8"?><collection xmlns="http://www.loc.gov/MARC21/slim"><record><leader>00357nam--2200133-i-4500</leader><controlfield tag="001">000040395</controlfield><controlfield tag="002">20161230</controlfield><controlfield tag="005">20161230201042</controlfield><controlfield tag="008">060222s1000------------r-----000-0-eng-d</controlfield><datafield ind1=" " ind2=" " tag="080"><subfield code="a">550.34=03.82=590</subfield></datafield><datafield ind1=" " ind2=" " tag="100"><subfield code="a">Savarenski,K.F. Si Krinos,D.P</subfield></datafield><datafield ind1=" " ind2=" " tag="245"><subfield code="a">Elemente de seismologie si seismografie</subfield></datafield><datafield ind1=" " ind2=" " tag="260"><subfield code="a">Bucuresti, Acad.Rpr, 1955. /P.Dif.</subfield></datafield><datafield ind1=" " ind2=" " tag="852"><subfield code="a">47796</subfield></datafield></record></collection>